@article{pilbratt2010herschel,
  title={Herschel Space Observatory-An ESA facility for far-infrared and submillimetre astronomy},
  author={Pilbratt, GL and Riedinger, JR and Passvogel, T and Crone, G and Doyle, D and Gageur, U and Heras, AM and Jewell, C and Metcalfe, L and Ott, S and others},
  journal={Astronomy \& Astrophysics},
  volume={518},
  pages={L1},
  year={2010},
  publisher={EDP Sciences}
}

@article{poglitsch2010photodetector,
  title={The photodetector array camera and spectrometer (PACS) on the Herschel space observatory},
  author={Poglitsch, Albrecht and Waelkens, Christoffel and Geis, Norbert and Feuchtgruber, Helmut and Vandenbussche, Bart and Rodriguez, Louis and Krause, Oliver and Renotte, Etienne and Van Hoof, Christiaan and Saraceno, P and others},
  journal={Astronomy \& astrophysics},
  volume={518},
  pages={L2},
  year={2010},
  publisher={EDP Sciences}
}

@article{griffin2010herschel,
  title={The Herschel-SPIRE instrument and its in-flight performance},
  author={Griffin, Matthew Joseph and Abergel, A and Abreu, As and Ade, Peter AR and Andr{\'e}, P and Augueres, J-L and Babbedge, T and Bae, Y and Baillie, T and Baluteau, J-P and others},
  journal={Astronomy \& Astrophysics},
  volume={518},
  pages={L3},
  year={2010},
  publisher={EDP Sciences}
}

@article{lombardi2014herschel,
  title={Herschel-Planck dust optical-depth and column-density maps-I. Method description and results for Orion},
  author={Lombardi, Marco and Bouy, Herv{\'e} and Alves, Jo{\~a}o and Lada, Charles J},
  journal={Astronomy \& Astrophysics},
  volume={566},
  pages={A45},
  year={2014},
  publisher={EDP Sciences}
}

@article{andre2010herschel,
  title={From filamentary clouds to prestellar cores to the stellar IMF: Initial highlights from the Herschel Gould Belt Survey},
  author={Andr{\'e}, Ph and Men'shchikov, Alexander and Bontemps, Sylvain and K{\"o}nyves, V and Motte, F and Schneider, N and Didelon, P and Minier, V and Saraceno, P and Ward-Thompson, Derek and others},
  journal={Astronomy \& Astrophysics},
  volume={518},
  pages={L102},
  year={2010},
  publisher={EDP Sciences}
}

@article{popescu2011modelling,
  title={Modelling the spectral energy distribution of galaxies-V. The dust and PAH emission SEDs of disk galaxies},
  author={Popescu, Cristina C and Tuffs, Richard J and Dopita, Michael A and Fischera, J{\"o}rg and Kylafis, Nikolaos D and Madore, Barry F},
  journal={Astronomy \& Astrophysics},
  volume={527},
  pages={A109},
  year={2011},
  publisher={EDP Sciences}
}

@techreport{hildebrand1983determination,
  title={The determination of cloud masses and dust characteristics from submillimetre thermal emission},
  author={Hildebrand, Roger H},
  year={1983}
}

@article{draine2003interstellar,
  title={Interstellar dust grains},
  author={Draine, Bruce T},
  journal={Annual Review of Astronomy and Astrophysics},
  volume={41},
  number={1},
  pages={241--289},
  year={2003},
  publisher={Annual Reviews 4139 El Camino Way, PO Box 10139, Palo Alto, CA 94303-0139, USA}
}

@article{lombardi2001nicer,
  title={Mapping the interstellar dust with near-infrared observations: An optimized multi-band technique},
  author={Lombardi, Marco and Alves, Jo{\~a}o},
  journal={Astronomy \& Astrophysics},
  volume={377},
  pages={1023--1034},
  year={2001},
  doi={10.1051/0004-6361:20011072}
}

@article{lombardi2009nicest,
  title={NICEST, a near-infrared color excess method tailored to small-scale structures},
  author={Lombardi, Marco},
  journal={Astronomy \& Astrophysics},
  volume={493},
  number={2},
  pages={735--745},
  year={2009},
  publisher={EDP Sciences}
}

@article{rieke1985interstellar,
  title={The interstellar extinction law from 1 to 13 microns},
  author={Rieke, GH and Lebofsky, MJ},
  journal={Astrophysical Journal, Part 1 (ISSN 0004-637X), vol. 288, Jan. 15, 1985, p. 618-621. NSF-supported research.},
  volume={288},
  pages={618--621},
  year={1985}
}

@article{bohlin1978survey,
  title={A survey of interstellar HI from L-alpha absorption measurements. II},
  author={Bohlin, Ralph C and Savage, Blair D and Drake, JF},
  journal={Astrophysical Journal, Part 1, vol. 224, Aug. 15, 1978, p. 132-142. Research supported by the Lockheed Independent Research Program;},
  volume={224},
  pages={132--142},
  year={1978}
}

@article{mizumoto2010astronomical,
  title={Astronomical Data Analysis Software and Systems XIX},
  author={Mizumoto, Yoshihiko and Morita, Koh—Ichiro and Ohishi, Masatoshi},
  journal={Astronomical Data Analysis Software and Systems XIX},
  volume={434},
  year={2010}
}

@article{megeath2012catalogue,
  title={The Spitzer Space Telescope survey of the Orion A and B molecular clouds. I. A census of dusty young stellar objects and a study of their mid-infrared variability},
  author={Megeath, ST and Gutermuth, R and Muzerolle, J and Kryukova, E and Flaherty, K and Hora, JL and Allen, LE and Hartmann, L and Myers, PC and Pipher, JL and others},
  journal={The Astronomical Journal},
  volume={144},
  number={6},
  pages={192},
  year={2012},
  publisher={IOP Publishing}
}

@article{fazio2004IRAC,
  title={The infrared array camera (IRAC) for the spitzer space telescope},
  author={Fazio, GG and Hora, JL and Allen, LE and Ashby, MLN and Barmby, P and Deutsch, LK and Huang, J-S and Kleiner, S and Marengo, M and Megeath, ST and others},
  journal={The Astrophysical Journal Supplement Series},
  volume={154},
  number={1},
  pages={10},
  year={2004},
  publisher={IOP Publishing}
}

@article{rieke2004MIPS,
  title={The multiband imaging photometer for Spitzer (MIPS)},
  author={Rieke, GH and Young, ET and Engelbracht, CW and Kelly, DM and Low, FJ and Haller, EE and Beeman, JW and Gordon, KD and Stansberry, JA and Misselt, KA and others},
  journal={The Astrophysical Journal Supplement Series},
  volume={154},
  number={1},
  pages={25},
  year={2004},
  publisher={IOP Publishing}
}

@article{skrutskie2006two,
  title={The two micron all sky survey (2MASS)},
  author={Skrutskie, Michael F and Cutri, RM and Stiening, R and Weinberg, MD and Schneider, S and Carpenter, JM and Beichman, Capps and Capps, R and Chester, T and Elias, J and others},
  journal={The Astronomical Journal},
  volume={131},
  number={2},
  pages={1163},
  year={2006},
  publisher={IOP Publishing}
}

@article{lovejoy1982area,
  title={Area-perimeter relation for rain and cloud areas},
  author={Lovejoy, S},
  journal={Science},
  volume={216},
  number={4542},
  pages={185--187},
  year={1982},
  publisher={American Association for the Advancement of Science}
}

@article{imre2006artificial,
  title={Artificial fractal dimension obtained by using perimeter--area relationship on digitalized images},
  author={Imre, Attila R},
  journal={Applied Mathematics and Computation},
  volume={173},
  number={1},
  pages={443--449},
  year={2006},
  publisher={Elsevier}
}

@article{cannon1984fractal,
  title={The fractal geometry of nature. by Benoit B. Mandelbrot},
  author={Cannon, JW},
  journal={The American Mathematical Monthly},
  volume={91},
  number={9},
  pages={594--598},
  year={1984},
  publisher={Taylor \& Francis}
}

@book{everitt2010cambridge,
  title={The Cambridge dictionary of statistics},
  author={Everitt, Brian S and Skrondal, Anders},
  volume={4},
  year={2010},
  publisher={Cambridge university press Cambridge, UK}
}

@book{falconer2013fractal,
  title={Fractal geometry: mathematical foundations and applications},
  author={Falconer, Kenneth},
  year={2013},
  publisher={John Wiley \& Sons}
}

@article{sedgwick2014spearman,
  title={Spearman’s rank correlation coefficient},
  author={Sedgwick, Philip},
  journal={Bmj},
  volume={349},
  year={2014},
  publisher={British Medical Journal Publishing Group}
}

@article{pearson1895vii,
  title={VII. Note on regression and inheritance in the case of two parents},
  author={Pearson, Karl},
  journal={proceedings of the royal society of London},
  volume={58},
  number={347-352},
  pages={240--242},
  year={1895},
  publisher={The Royal Society London}
}

@inproceedings{lada1987star,
  title={Star formation: from OB associations to protostars},
  author={Lada, Charles J},
  booktitle={Symposium-International astronomical union},
  volume={115},
  pages={1--18},
  year={1987},
  organization={Cambridge University Press}
}

@article{lada2010star,
  title={On the star formation rates in molecular clouds},
  author={Lada, Charles J and Lombardi, Marco and Alves, Jo{\~a}o F},
  journal={The Astrophysical Journal},
  volume={724},
  number={1},
  pages={687},
  year={2010},
  publisher={IOP Publishing}
}

@article{elmegreen1996fractal,
  title={A fractal origin for the mass spectrum of interstellar clouds},
  author={Elmegreen, Bruce G and Falgarone, Edith},
  journal={The Astrophysical Journal},
  volume={471},
  number={2},
  pages={816},
  year={1996},
  publisher={IOP Publishing}
}

@INCOLLECTION{1994fns..book..515Y,
       author = {{Yue}, Z.~Y. and {Zhang}, B. and {Winnewisser}, G. and {Stutzki}, J.},
        title = "{On the Dynamical Evolution of the Fractal Structure of Interstellar Medium}",
    booktitle = {Fractals in Natural Science. Edited by VICSEK T ET AL. Published by World Scientific Publishing Co. Pte. Ltd},
         year = 1994,
       editor = {{Vicsek}, T. and {et al.}},
        pages = {515-523},
          doi = {10.1142/9789814503792_0048},
       adsurl = {https://ui.adsabs.harvard.edu/abs/1994fns..book..515Y},
      adsnote = {Provided by the SAO/NASA Astrophysics Data System}
}

@ARTICLE{falgarone1991hierarchical,
       author = {{Falgarone}, E. and {Phillips}, T.~G. and {Walker}, C.~K.},
        title = "{The Edges of Molecular Clouds: Fractal Boundaries and Density Structure}",
      journal = {The Astrophysical Journal},
     keywords = {Carbon Monoxide, Interstellar Matter, Magnetohydrodynamic Turbulence, Molecular Clouds, Rotational Spectra, Angular Resolution, Carbon 12, Carbon 13, Fractals, Nebulae, Stellar Luminosity, Astrophysics, INTERSTELLAR: MOLECULES, NEBULAE: STRUCTURE, TURBULENCE},
         year = 1991,
        month = sep,
       volume = {378},
        pages = {186},
          doi = {10.1086/170419},
       adsurl = {https://ui.adsabs.harvard.edu/abs/1991ApJ...378..186F},
      adsnote = {Provided by the SAO/NASA Astrophysics Data System}
}

@ARTICLE{sanchez2005fractal,
       author = {{S{\'a}nchez}, N{\'e}stor and {Alfaro}, Emilio J. and {P{\'e}rez}, Enrique},
        title = "{The Fractal Dimension of Projected Clouds}",
      journal = {The Astrophysical Journal},
     keywords = {ISM: Clouds, ISM: General, ISM: Structure, Astrophysics},
         year = 2005,
        month = jun,
       volume = {625},
       number = {2},
        pages = {849-856},
          doi = {10.1086/429553},
archivePrefix = {arXiv},
       eprint = {astro-ph/0501573},
 primaryClass = {astro-ph},
       adsurl = {https://ui.adsabs.harvard.edu/abs/2005ApJ...625..849S},
      adsnote = {Provided by the SAO/NASA Astrophysics Data System}
}

@article{beattie2019relation,
  title={The relation between the turbulent Mach number and observed fractal dimensions of turbulent clouds},
  author={Beattie, James R and Federrath, Christoph and Klessen, Ralf S and Schneider, Nicola},
  journal={Monthly Notices of the Royal Astronomical Society},
  volume={488},
  number={2},
  pages={2493--2502},
  year={2019},
  publisher={Oxford University Press}
}

@article{kolmogorov1962refinement,
  title={A refinement of previous hypotheses concerning the local structure of turbulence in a viscous incompressible fluid at high Reynolds number},
  author={Kolmogorov, Andrey Nikolaevich},
  journal={Journal of Fluid Mechanics},
  volume={13},
  number={1},
  pages={82--85},
  year={1962},
  publisher={Cambridge University Press}
}

@article{nielbock2012earliest,
  title={The Earliest Phases of Star formation (EPoS) observed with Herschel: the dust temperature and density distributions of B68},
  author={Nielbock, Markus and Launhardt, Ralf and Steinacker, Juergen and Stutz, AM and Balog, Zoltan and Beuther, Henrik and Bouwman, J and Henning, Th and Hily-Blant, P and Kainulainen, Jouni and others},
  journal={Astronomy \& Astrophysics},
  volume={547},
  pages={A11},
  year={2012},
  publisher={EDP Sciences}
}

@misc{hahnLectures,
  author = {Oliver Hahn},
  title = {Lecture Notes},
  note = {Figure reproduced with permission from lecture notes},
  year = {2024}
}

@article{mckee2007theory,
  title={Theory of star formation},
  author={McKee, Christopher F and Ostriker, Eve C},
  journal={Annu. Rev. Astron. Astrophys.},
  volume={45},
  number={1},
  pages={565--687},
  year={2007},
  publisher={Annual Reviews}
}

@book{rybicki1979radiative,
  title={Radiative Processes in Astrophysics},
  author={Rybicki, George B. and Lightman, Alan P.},
  year={1979},
  publisher={Wiley},
  isbn={9780471827597}
}

@article{draine2006submillimeter,
  title={On the submillimeter opacity of protoplanetary disks},
  author={Draine, Bruce T},
  journal={The Astrophysical Journal},
  volume={636},
  number={2},
  pages={1114},
  year={2006},
  publisher={IOP Publishing}
}

@article{froebrich2010structure,
  title={The structure of molecular clouds--II. Column density and mass distributions},
  author={Froebrich, Dirk and Rowles, Jonathan},
  journal={Monthly Notices of the Royal Astronomical Society},
  volume={406},
  number={2},
  pages={1350--1357},
  year={2010},
  publisher={The Royal Astronomical Society}
}

@article{ossenkopf1994dust,
  title={Dust opacities for protostellar cores},
  author={Ossenkopf, Volker and Henning, Th},
  journal={Astronomy and Astrophysics (ISSN 0004-6361), vol. 291, no. 3, p. 943-959},
  volume={291},
  pages={943--959},
  year={1994}
}

@misc{okumura2010diffusegammarayobservationsorion,
      title={Diffuse Gamma-ray Observations of the Orion Molecular Clouds}, 
      author={Akira Okumura and Tune Kamae},
      year={2010},
      eprint={0912.3860},
      archivePrefix={arXiv},
      primaryClass={astro-ph.HE},
      url={https://arxiv.org/abs/0912.3860}, 
}

@article{mecke1993robust,
  title={Robust morphological measures for large-scale structure in the universe},
  author={Mecke, Klaus R and Buchert, Thomas and Wagner, Herbert},
  journal={arXiv preprint astro-ph/9312028},
  year={1993}
}

@article{Hacar_2025,
   title={Emergence of high-mass stars in complex fiber networks (EMERGE): V. From filaments to spheroids: the origin of the hub-filament systems},
   volume={694},
   ISSN={1432-0746},
   url={http://dx.doi.org/10.1051/0004-6361/202450779},
   DOI={10.1051/0004-6361/202450779},
   journal={Astronomy \& Astrophysics},
   publisher={EDP Sciences},
   author={Hacar, A. and Konietzka, R. and Seifried, D. and Clark, S. E. and Socci, A. and Bonanomi, F. and Burkert, A. and Schisano, E. and Kainulainen, J. and Smith, R.},
   year={2025},
   month=feb, pages={A69} }

@article{orkisz2017turbulence,
  title={Turbulence and star formation efficiency in molecular clouds: solenoidal versus compressive motions in Orion B},
  author={Orkisz, Jan H and Pety, J{\'e}r{\^o}me and Gerin, Maryvonne and Bron, Emeric and Guzm{\'a}n, Viviana V and Bardeau, S{\'e}bastien and Goicoechea, Javier R and Gratier, Pierre and Le Petit, Franck and Levrier, Fran{\c{c}}ois and others},
  journal={Astronomy \& Astrophysics},
  volume={599},
  pages={A99},
  year={2017},
  publisher={EDP Sciences}
}